<?xml version="1.0" encoding="UTF-8"?>
<collection xmlns:xsi="http://www.w3.org/2001/XMLSchema-instance" xsi:schemaLocation="http://www.loc.gov/MARC21/slim http://www.loc.gov/standards/marcxml/schema/MARC21slim.xsd" xmlns="http://www.loc.gov/MARC21/slim">
<record>
  <leader>01300cam a2200289   4500</leader>
  <controlfield tag="001">3122887</controlfield>
  <controlfield tag="003">NNC</controlfield>
  <controlfield tag="005">20130520201028.0</controlfield>
  <controlfield tag="008">940303s1930    sy h          000 0 araod</controlfield>
  <datafield tag="035" ind1=" " ind2=" ">
    <subfield code="a">(OCoLC)ocm29903169</subfield>
  </datafield>
  <datafield tag="035" ind1=" " ind2=" ">
    <subfield code="9">ATV5250CU</subfield>
  </datafield>
  <datafield tag="035" ind1=" " ind2=" ">
    <subfield code="a">(NNC)3122887</subfield>
  </datafield>
  <datafield tag="035" ind1=" " ind2=" ">
    <subfield code="a">3122887</subfield>
  </datafield>
  <datafield tag="040" ind1=" " ind2=" ">
    <subfield code="a">CUY</subfield>
    <subfield code="c">CUY</subfield>
    <subfield code="d">CGU</subfield>
    <subfield code="d">ZCU</subfield>
  </datafield>
  <datafield tag="099" ind1=" " ind2=" ">
    <subfield code="a">893.7D599</subfield>
    <subfield code="a">Q5</subfield>
  </datafield>
  <datafield tag="100" ind1="1" ind2=" ">
    <subfield code="a">Dimyāṭī, ʻAbd al-Muʼmin ibn Khalaf,</subfield>
    <subfield code="d">1217-1306.</subfield>
  </datafield>
  <datafield tag="245" ind1="0" ind2="0">
    <subfield code="a">Faḍl al-khayl /</subfield>
    <subfield code="c">li-Sharaf al-Dīn ʻAbd al-Muʾmin al-Dimyāṭī al-Miṣrī. Wa-yalīh Rashaḥāt al-midād fīmā yataʻallaq bi-al-ṣāfināt al-jiyād / taʾlīf Muḥammad al-Bakhshī al-Ḥalabī ; ṭabaʻahu wa-ṣaḥḥaḥahu Muḥammad Rāghib al-Ṭabbākh.</subfield>
  </datafield>
  <datafield tag="250" ind1=" " ind2=" ">
    <subfield code="a">al-Ṭabʻah 1.</subfield>
  </datafield>
  <datafield tag="260" ind1=" " ind2=" ">
    <subfield code="a">Ḥalab :</subfield>
    <subfield code="b">al-Matbaʻah al-ʻIlmīyah,</subfield>
    <subfield code="c">1349/1930.</subfield>
  </datafield>
  <datafield tag="300" ind1=" " ind2=" ">
    <subfield code="a">24, 192, 150 p.</subfield>
    <subfield code="b">facsims.</subfield>
  </datafield>
  <datafield tag="500" ind1=" " ind2=" ">
    <subfield code="a">The second work has special t.p. and separate paging.</subfield>
  </datafield>
  <datafield tag="500" ind1=" " ind2=" ">
    <subfield code="a">A book on horses in Moslem tradition.</subfield>
  </datafield>
  <datafield tag="650" ind1=" " ind2="0">
    <subfield code="a">Horses.</subfield>
  </datafield>
  <datafield tag="600" ind1="0" ind2="0">
    <subfield code="a">Muḥammad,</subfield>
    <subfield code="c">Prophet,</subfield>
    <subfield code="d">-632.</subfield>
  </datafield>
  <datafield tag="700" ind1="1" ind2=" ">
    <subfield code="a">Bakhshī, Muḥammad ibn Muḥammad,</subfield>
    <subfield code="d">1628 or 1629-1686 or 1687.</subfield>
    <subfield code="t">Rashaḥāt al-midād fīmā yataʻallaq bi-al-ṣāfināt al-jiyād.</subfield>
  </datafield>
  <datafield tag="700" ind1="1" ind2=" ">
    <subfield code="a">Ṭabbākh, Muḥammad Rāghib,</subfield>
    <subfield code="d">1877-1951,</subfield>
    <subfield code="e">editor.</subfield>
  </datafield>
  <datafield tag="955" ind1=" " ind2=" ">
    <subfield code="b">CU58928707</subfield>
    <subfield code="d">off,glx</subfield>
    <subfield code="e">893.7D599 Q5</subfield>
  </datafield>
</record>
</collection>